<?xml version="1.0" encoding="UTF-8"?>
<Document xmlns="urn:iso:std:iso:20022:tech:xsd:pain.001.001.03">
    <CstmrCdtTrfInitn>
        <GrpHdr>
            <MsgId>MSG20241019195140</MsgId>
            <CreDtTm>2024-10-19T19:51:40.741366</CreDtTm>
            <NbOfTxs>2</NbOfTxs>
            <CtrlSum>300.5</CtrlSum>
            <InitgPty>
                <Nm>Your Company Name</Nm>
            </InitgPty>
        </GrpHdr>

        
        <PmtInf>
            <PmtInfId>PAY001</PmtInfId>
            <PmtMtd>TRF</PmtMtd>
            <BtchBookg>false</BtchBookg>
            <NbOfTxs>1</NbOfTxs>
            <CtrlSum>100.00</CtrlSum>
            <Dbtr>
                <Nm>John Doe</Nm>
            </Dbtr>
            <DbtrAcct>
                <Id>
                    <IBAN>DE89370400440532013000</IBAN>
                </Id>
            </DbtrAcct>
            <CdtTrfTxInf>
                <PmtId>
                    <EndToEndId>E2E001</EndToEndId>
                </PmtId>
                <Amt>
                    <InstdAmt Ccy="EUR">100.00</InstdAmt>
                </Amt>
                <Cdtr>
                    <Nm>Jane Smith</Nm>
                </Cdtr>
                <CdtrAcct>
                    <Id>
                        <IBAN>DE75512108001245126199</IBAN>
                    </Id>
                </CdtrAcct>
                <CdtrAgt>
                    <FinInstnId>
                        <BIC>BICBANKXXX</BIC>
                    </FinInstnId>
                </CdtrAgt>
                <RmtInf>
                    <Ustrd>Invoice 123</Ustrd>
                </RmtInf>
            </CdtTrfTxInf>
        </PmtInf>
        
        <PmtInf>
            <PmtInfId>PAY002</PmtInfId>
            <PmtMtd>TRF</PmtMtd>
            <BtchBookg>false</BtchBookg>
            <NbOfTxs>1</NbOfTxs>
            <CtrlSum>200.50</CtrlSum>
            <Dbtr>
                <Nm>John Doe</Nm>
            </Dbtr>
            <DbtrAcct>
                <Id>
                    <IBAN>DE89370400440532013000</IBAN>
                </Id>
            </DbtrAcct>
            <CdtTrfTxInf>
                <PmtId>
                    <EndToEndId>E2E002</EndToEndId>
                </PmtId>
                <Amt>
                    <InstdAmt Ccy="EUR">200.50</InstdAmt>
                </Amt>
                <Cdtr>
                    <Nm>Mark Brown</Nm>
                </Cdtr>
                <CdtrAcct>
                    <Id>
                        <IBAN>DE44500105175407324931</IBAN>
                    </Id>
                </CdtrAcct>
                <CdtrAgt>
                    <FinInstnId>
                        <BIC>BICBANKYYY</BIC>
                    </FinInstnId>
                </CdtrAgt>
                <RmtInf>
                    <Ustrd>Invoice 456</Ustrd>
                </RmtInf>
            </CdtTrfTxInf>
        </PmtInf>
        
    </CstmrCdtTrfInitn>
</Document>